@misc{Mydealz:2023,
  title = {MyDealz},
  howpublished = {\url{hhttps://www.mydealz.de/}},
  note = {Accessed: 2023-04-26}
}

@misc{Ahmad:2020,
  title = {Enhanced query processing over semantic cache for cloud based relational databases},
  author = {Munir Ahmad, Muhammad Abdul Qadir, Atta Rahman, Rachid Zagrouba, Fahd Alhaidari, Tariq Ali & Farzana Zahid},
  howpublished = {\url{https://link.springer.com/article/10.1007/s12652-020-01943-x}},
  note = {Accessed: 2023-04-26}
}

@misc{Eremeeva:2020,
  title = {Integrated Environment Based on Anytime Solution Search Algorithms and A Non-Relational Database for Real-Time Intelligent Systems},
  author = {Eremeeva, Poliushkina, Paniavina},
  howpublished = {\url{https://ceur-ws.org/Vol-2648/paper26.pdf}},
  note = {Accessed: 2023-04-26}
}

@misc{Aditya:2007,
  title = {BANKS: Browsing and Keyword Searching in Relational Databases},
  author = {B. Aditya, Gaurav Bhalotia, Soumen Chakrabarti, Arvind Hulgeri, Charuta Nakhe, Parag, S. Sudarshanxe},
  howpublished = {\url{https://www.sciencedirect.com/science/article/pii/B9781558608696501141}},
  note = {Accessed: 2023-04-26}
}